@article{oh-2002-control,
  title={Control-flow checking by software signatures},
  author={Oh, N. and Shirvani, P.P. and McCluskey, E.J.},
  journal={IEEE Transactions on Reliability},
  volume={51},
  number={2},
  pages={111–122},
  year={2002},
  publisher={IEEE}
}

@misc{manclang,
  author = {{Mac Developer Library}},
  title = {{clang(1) Manpage}},
  howpublished = {\url{developer.apple.com/library/mac/#documentation/Darwin/Reference/Manpages/man1/clang.1.html}},
  note = {accessed July 12, 2012}
}

@misc{clang-compatibility,
  author = {{The LLVM Project}},
  title = {{Clang – Language Compatibility}},
  howpublished = {\url{clang.llvm.org/compatibility.html}},
  note = {accessed July 12, 2012}
}

@misc{dragonegg,
  author = {{The LLVM Project}},
  title = {{DragonEgg – Using LLVM as a GCC backend}},
  howpublished = {\url{http://dragonegg.llvm.org/}},
  note = {accessed October 29, 2013}
}

@misc{llvm-passes,
  author = {{The LLVM Project}},
  title = {{LLVM's Analysis \& Transform Passes}},
  howpublished = {\url{llvm.org/docs/Passes.html}},
  note = {accessed July 23, 2012}
}
@misc{writing-passes,
  author = {{The LLVM Project}},
  title = {{Writing an LLVM Pass}},
  howpublished = {\url{llvm.org/docs/WritingAnLLVMPass.html}},
  note = {accessed July 23, 2012}
}

@misc{langref-terminators,
  author = {{The LLVM Project}},
  title = {{LLVM Assembly Language Reference Manual – Terminator Instructions}},
  howpublished = {\url{llvm.org/docs/LangRef.html#terminators}},
  note = {accessed July 30, 2012}

@misc{llvm-register-allocation,
  author = {{The LLVM Project Blog}},
  title = {{Greedy Register Allocation in LLVM 3.0}},
  howpublished = {\url{http://blog.llvm.org/2011/09/greedy-register-allocation-in-llvm-30.html}},
  note = {accessed October 29, 2013}
}

@misc{spec-cpu2006,
  author = {{Standard Performance Evaluation Corporation}},
  title = {{SPEC CPU2006}},
  howpublished = {\url{http://www.spec.org/cpu2006/}},
  note = {accessed October 29, 2013}
}

@misc{spec-cpu2006-config,
  author = {{Standard Performance Evaluation Corporation}},
  title = {{SPEC CPU2006 config files}},
  howpublished = {\url{http://www.spec.org/cpu2006/Docs/config.html}},
  note = {accessed October 29, 2013}
}

@misc{spec-cpu2006-makevars,
  author = {{Standard Performance Evaluation Corporation}},
  title = {{makevars — Variables used by make in the SPEC CPU2006 build process}},
  howpublished = {\url{http://www.spec.org/cpu2006/Docs/makevars.html}},
  note = {accessed October 29, 2013}
}
